@article{Gowda2008,
    author = {G. A. N. Gowda and S. Zhang and H. Gu and V. Asiago and N. Shanaiah and D. Raftery},
    title = {Metabolomics-Based Methods for Early Disease Diagnostics: A Review},
    journal = {Expert Rev Mol Diagn},
    volume = {8},
    number = {5},
    pages = {617-633},
    year = {2008},
    doi = {10.1586/14737159.8.5.617},
    }

@article{Gomez-Casati2013,
    author = {D. F. Gomez-Casati and M. I. Zanor and M. V. Busi},
    title = {Metabolomics in Plants and Humans: Applications in the Prevention and Diagnosis of Diseases},
    journal = {Biomed Res Int},
    volume = {2013},
    pages = {792527},
    year = {2013},
    doi = {10.1155/2013/792527},
    }

@article{Gonzalez-Covarrubias2022,
    author = {V. Gonzalez-Covarrubias and E. Martínez-Martínez and L. {del Bosque-Plata}},
    title = {The Potential of Metabolomics in Biomedical Applications},
    journal = {Metabolites},
    volume = {12},
    number = {2},
    pages = {194},
    year = {2022},
    doi = {10.3390/metabo12020194},
    }

@article{Begou2017,
    author = {O. Begou and H. G. Gika and I. D. Wilson and G. Theodoridis},
    title = {Hyphenated MS-based targeted approaches in metabolomics},
    journal = {Analyst},
    volume = {142},
    number = {17},
    pages = {3079-3100},
    year = {2017},
    doi = {10.1039/C7AN00812K},
    }

@article{Kuhring2020,
    author = {M. Kuhring and A. Eisenberger and V. Schmidt and N. Kränkel and D. M. Leistner and J. Kirwan and D. Beule},
    title = {Concepts and Software Package for Efficient Quality Control in Targeted Metabolomics Studies: MeTaQuaC},
    journal = {Analytical Chemistry},
    volume = {92},
    number = {15},
    pages = {10241-10245},
    year = {2020},
    doi = {10.1021/acs.analchem.0c00136},
    }

@article{Pang2024,
    author = {Z. Pang and Y. Lu and G. Zhou and F. Hui and L. Xu and C. Viau and A. F. Spigelman and P. E. MacDonald and D. S. Wishart and S. Li and J. Xia},
    title = {MetaboAnalyst 6.0: towards a unified platform for metabolomics data processing, analysis and interpretation},
    journal = {Nucleic Acids Research},
    volume = {52},
    number = {W1},
    pages = {W398-W406},
    year = {2024},
    doi = {10.1093/nar/gkae253},
    }

@article{Xia2010,
    author = {J. Xia and D. S. Wishart},
    title = {MSEA: a web-based tool to identify biologically meaningful patterns in quantitative metabolomic data},
    journal = {Nucleic Acids Research},
    volume = {38(Web Server issue)},
    pages = {W71-W77},
    year = {2010},
    doi = {10.1093/nar/gkq329},
    }

@article{Wei2018,
    author = {R. Wei and J. Wang and M. Su and E. Jia and S. Chen and T. Chen and Y. Ni},
    title = {Missing Value Imputation Approach for Mass Spectrometry-based Metabolomics Data},
    journal = {Scientific Reports},
    volume = {8},
    pages = {663},
    year = {2018},
    doi = {10.1038/s41598-017-19120-0},
    }

@Article{Ritchie2015,
    author = {M. E. Ritchie and B. Phipson and D. Wu and Y. Hu and C. W. Law and W. Shi and G. K. Smyth},
    title = {{limma} powers differential expression analyses for {RNA}-sequencing and microarray studies},
    journal = {Nucleic Acids Research},
    year = {2015},
    volume = {43},
    number = {7},
    pages = {e47},
    doi = {10.1093/nar/gkv007},
  }

@article{Ahlmann-Eltze2019,
    author = {C. Ahlmann-Eltze and S. Anders},
    title = {proDA: Probabilistic Dropout Analysis for Identifying Differentially Abundant Proteins in Label-Free Mass Spectrometry},
    journal = {Preprint at arXiv},
    year = {2019},
    doi = {10.1101/661496},
    }

@Manual{Ahlmann-Eltze2022,
    title = {proDA: Differential Abundance Analysis of Label-Free Mass Spectrometry Data},
    author = {C. Ahlmann-Eltze},
    year = {2022},
    note = {R package version 1.10.0},
    url = {https://github.com/const-ae/proDA},
    }

@article{Huber2002,
    author = {W. Huber and A. {von Heydebreck} and H. Sueltmann and A. Poustka and M. Vingron},
    title = {Variance Stabilization Applied to Microarray Data Calibration and to the Quantification of Differential Expression},
    journal = {Bioinformatics},
    volume = {18 Suppl. 1},
    pages = {S96-S104},
    year = {2002},
    doi = {10.1093/bioinformatics/18.suppl_1.s96},
    }

@Article{Wickham2019,
    title = {Welcome to the {tidyverse}},
    author = {H. Wickham and M. Averick and J. Bryan and W. Chang and L. D. McGowan and R. François and G. Grolemund and A. Hayes and L. Henry and J. Hester and M. Kuhn and T. L. Pedersen and E. Miller and S. M. Bache and K. Müller and J. Ooms and D. Robinson and D. P. Seidel and V. Spinu and K. Takahashi and D. Vaughan and C. Wilke and K. Woo and H. Yutani},
    year = {2019},
    journal = {Journal of Open Source Software},
    volume = {4},
    number = {43},
    pages = {1686},
    doi = {10.21105/joss.01686},
    }

@Manual{Morgan2022,
    author = {M. Morgan and V. Obenchain and J. Hester and H. Pagès},
    title = {SummarizedExperiment: SummarizedExperiment container},
    year = {2022},
    note = {R package version 1.26.1},
    url = {https://bioconductor.org/packages/SummarizedExperiment},
    }

@Manual{R2023,
    author = {R: A Language and Environment for Statistical Computing},
    title = {{R Core Team}},
    organization = {R Foundation for Statistical Computing},
    address = {Vienna, Austria},
    year = {2023},
    note = {R package version 1.26.1},
    url = {https://www.R-project.org/},
    }

@Article{Huber2015,
    author = {W. Huber and V. J. Carey and R. Gentleman and S. Anders and M. Carlson and B. S. Carvalho and H. C. Bravo and S. Davis and L. Gatto and T. Girke and R. Gottardo and F. Hahne and K. D. Hansen and R. A. Irizarry and M. Lawrence and M. I. Love and J. MacDonald and V. Obenchain and A. K. {Ole's} and H. {Pag`es} and A. Reyes and P. Shannon and G. K. Smyth and D. Tenenbaum and L. Waldron and M. Morgan},
    title = {{O}rchestrating high-throughput genomic analysis with {B}ioconductor},
    journal = {Nature Methods},
    year = {2015},
    volume = {12},
    number = {2},
    pages = {115--121},
    url = {http://www.nature.com/nmeth/journal/v12/n2/full/nmeth.3252.html},
  }

@Manual{Chang2024,
  title = {shiny: Web Application Framework for R},
  author = {W. Chang and J. Cheng and J. Allaire and C. Sievert and B. Schloerke and Y. Xie and J. Allen and J. McPherson and A. Dipert and B. Borges},
  year = {2024},
  note = {R package version 1.8.1.9001, https://github.com/rstudio/shiny},
  url = {https://shiny.posit.co/},
  }

@Manual{Mechtel2024,
    title = {MetAlyzer: Read and Analyze 'MetIDQ' Software Output Files},
    author = {N. Mechtel and L. Herfurth and C. Andresen and D. Huebschmann},
    year = {2024},
    note = {R package version 1.0.0},
    url = {https://github.com/nilsmechtel/MetAlyzer},
  }

@Article{Galaxy2024,
    author = {The Galaxy Community},
    title = {The Galaxy platform for accessible, reproducible, and collaborative data analyses: 2024 update},
    journal = {Nucleic Acids Research},
    year = {2024},
    volume = {52},
    number = {W1},
    pages = {W83-W94},
    doi = {10.1093/nar/gkae410},
  }

@misc{MWB,
  title = {The Metabolomics Workbench},
  note = {https://www.metabolomicsworkbench.org/},
  url = {https://www.metabolomicsworkbench.org/},
}
